<record><leader>00000cas a22000007a 4500</leader><controlfield tag="001">9305525</controlfield><controlfield tag="008">830312d18uu1895iauwr ne      0   a0eng d</controlfield><datafield ind1=" " ind2=" " tag="010"><subfield code="a">sn 83025199 </subfield></datafield><datafield ind1=" " ind2=" " tag="040"><subfield code="a">NPV</subfield><subfield code="b">eng</subfield><subfield code="c">NPV</subfield><subfield code="d">INP</subfield><subfield code="d">OCLCQ</subfield></datafield><datafield ind1=" " ind2=" " tag="042"><subfield code="a">msc</subfield></datafield><datafield ind1=" " ind2=" " tag="043"><subfield code="a">n-us-ia</subfield></datafield><datafield ind1=" " ind2=" " tag="045"><subfield code="a">w-w9</subfield></datafield><datafield ind1=" " ind2=" " tag="052"><subfield code="a">4153</subfield><subfield code="b">W6</subfield></datafield><datafield ind1="0" ind2="0" tag="245"><subfield code="a">Ridgeway recorder.</subfield></datafield><datafield ind1=" " ind2=" " tag="260"><subfield code="a">Ridgeway, Iowa :</subfield><subfield code="b">Acme Print. Co.</subfield></datafield><datafield ind1=" " ind2=" " tag="300"><subfield code="a">v. :</subfield><subfield code="b">ill.</subfield></datafield><datafield ind1="1" ind2=" " tag="362"><subfield code="a">Ceased in 1895?</subfield><subfield code="z">Cf. Bibl. of Iowa newspapers, 1836-1976.</subfield></datafield><datafield ind1=" " ind2=" " tag="588"><subfield code="a">Description based on: Vol. 6, no. 11 (Mar. 24, 1893).</subfield></datafield><datafield ind1=" " ind2=" " tag="752"><subfield code="a">United States</subfield><subfield code="b">Iowa</subfield><subfield code="c">Winneshiek</subfield><subfield code="d">Ridgeway.</subfield></datafield><datafield ind1="0" ind2=" " tag="775"><subfield code="t">Calmar courier (Calmar, Iowa : 1888)</subfield><subfield code="w">(DLC)sn 83025153</subfield><subfield code="g">&lt;Jan.-Mar. 9, 1894&gt;</subfield></datafield></record>